@book{bradski2008component,
	title={Learning opencv},
	author={Bradski, G.R. and Kaehler, A.},
	year={2008},
	publisher{=O'Reilly},
	pages={13--14}
}

@book{bradski2008,
	title={Learning opencv},
	author={Bradski, G.R. and Kaehler, A.},
	year={2008},
	publisher={O'Reilly},
	pages={1--2}
}

@book{taft2006adabasic,
	title={Ada 2005 reference manual: language and standard libraries: international standard ISO/IEC 8652/1995 (E) with technical corrigendum 1 and amendment 1},
	author={Taft, S.T.},
	year={2006},
	publisher={Springer Verlag},
	pages={475--581}
}

@book{taft2006adaunion,
	title={Ada 2005 reference manual: language and standard libraries: international standard ISO/IEC 8652/1995 (E) with technical corrigendum 1 and amendment 1},
	author={Taft, S.T.},
	year={2006},
	publisher={Springer Verlag},
	pages={487--489}
}

@book{taft2006conversion,
	title={Ada 2005 reference manual: language and standard libraries: international standard ISO/IEC 8652/1995 (E) with technical corrigendum 1 and amendment 1},
	author={Taft, S.T.},
	year={2006},
	publisher={Springer Verlag},
	pages={287--289}
}

@book{bradski2008learningbasic,
	title={Learning opencv},
	author={Bradski, G.R. and Kaehler, A.},
	year={2008},
	publisher={O'Reilly},
	pages={31--32}
}

@book{bradski2008learningmat,
	title={Learning opencv},
	author={Bradski, G.R. and Kaehler, A.},
	year={2008},
	publisher={O'Reilly},
	pages={32--40}
}

@book{bradski2008learningimage,
	title={Learning opencv},
	author={Bradski, G.R. and Kaehler, A.},
	year={2008},
	publisher={O'Reilly},
	pages={42--47}
}

@book{bradski2008learningops,
	title={Learning opencv},
	author={Bradski, G.R. and Kaehler, A.},
	year={2008},
	publisher={O'Reilly},
	pages={47--77}
}

@misc{opencv2011,
	title="OpenCV Wiki",
	howpublished="\url{http://www.opencv.willowgarage.com}",
	year={2011},
	note="[Online; accessed 20-May-2011]"
}

@article{yu2004,
	title={Ch OpenCV for interactive open architecture computer vision},
	author={Yu, Q. and Cheng, H.H. and Cheng, W.W. and Zhou, X.},
	journal={Advances in Engineering Software},
	volume={35},
	number={8-9},
	pages={527--536},
	year={2004},
	publisher={Elsevier}
}

@misc{styleguide95,
	title={Ada 95 Quality and Style Guide},
	howpublished="\url{http://www.adaic.org/resources/add_content/docs/95style/html/sec_3/3-5.html}",
	note="[Online; accessed 14-May-2011]"
}

@misc{ada2012chart,
	title={Ada Comparison Chart},
	howpublished="\url{http://www.adacore.com/home/ada_answers/comparison-chart/}",
	note="[Online; accessed 1-June-2011]"
}

@misc{qtweb,
	title={Qt - Cross-platform application and UI framework},
	howpublished="\url{http://qt.nokia.com}",
	note="[Online; accessed 31-May-2011]"
}

@misc{nasa,
	title={NASA featured images and galleries},
	howpublished="\url{http://www.nasa.gov/multimedia/imagegallery}",
	note="[Online; accessed 31-May-2011]"
}

@misc{gccmain,
	title={Building Mixed Ada and C++ Programs},
	howpublished="\url{http://gcc.gnu.org/onlinedocs/gnat_ugn_unw/Building-Mixed-Ada-_0026-C_002b_002b-Programs.html#Building-Mixed-Ada-_0026-C_002b_002b-Programs}",
	note="[Online; accessed 31-May-2011]"
}

@misc{gccconstructor,
	title={Interfacing with C++ constructors},
	howpublished="\url{http://gcc.gnu.org/onlinedocs/gnat_ugn_unw/Building-Mixed-Ada-_0026-C_002b_002b-Programs.html#Building-Mixed-Ada-_0026-C_002b_002b-Programs}",
	note="[Online; accessed 31-May-2011]"
}

@misc{gccclasses,
	title={Interfacing with C++ at the Class Level},
	howpublished="\url{http://gcc.gnu.org/onlinedocs/gnat_ugn_unw/Building-Mixed-Ada-_0026-C_002b_002b-Programs.html#Building-Mixed-Ada-_0026-C_002b_002b-Programs}",
	note="[Online; accessed 31-May-2011]"
}

@misc{gccinterface,
	title={Interfacing to C++},
	howpublished="\url{http://gcc.gnu.org/onlinedocs/gnat_ugn_unw/Building-Mixed-Ada-_0026-C_002b_002b-Programs.html#Building-Mixed-Ada-_0026-C_002b_002b-Programs}",
	note="[Online; accessed 31-May-2011]"
}

@misc{win7,
	title={Windows 7},
	howpublished="\url{http://windows.microsoft.com/en-US/windows7/products/home}",
	note="[Online; accessed 1-June-2011]"
}

@misc{fedora,
	title{Fedora},
	howpublished="\url{http://fedoraproject.org/}",
	note="[Online; accessed 1-June-2011]"
}